
@INPROCEEDINGS{shen2020,
  author={Shen, Danfeng and Wu, Hao and Xia, Bingqing and Gan, Deqiang},
  booktitle={2020 12th IEEE PES Asia-Pacific Power and Energy Engineering Conference (APPEEC)}, 
  title={A Principal Component Analysis-Based Dimension Reduction Method for Parametric Power Flow}, 
  year={2020},
  volume={},
  number={},
  pages={1-5},
  doi={10.1109/APPEEC48164.2020.9220420}
}

@article{li2019,
  title={Probabilistic optimal power flow calculation method based on adaptive diffusion kernel density estimation},
  author={Li, Guoqing and Lu, Weihua and Bian, Jing and Qin, Fang and Wu, Ji},
  journal={Frontiers in Energy Research},
  volume={7},
  pages={128},
  year={2019},
  publisher={Frontiers}
}

@article{morales2010,
  title={Probabilistic power flow with correlated wind sources},
  author={Morales, Juan M and Baringo, Luis and Conejo, Antonio J and Mínguez, Roberto},
  journal={IET generation, transmission \& distribution},
  volume={4},
  number={5},
  pages={641--651},
  year={2010},
  publisher={IET}
}

@article{borkowska1974,
  title={Probabilistic load flow},
  author={Borkowska, Barbara},
  journal={IEEE Transactions on Power Apparatus and Systems},
  number={3},
  pages={752--759},
  year={1974},
  publisher={IEEE}
}

@article{fan2012,
  title={Probabilistic power flow studies for transmission systems with photovoltaic generation using cumulants},
  author={Fan, Miao and Vittal, Vijay and Heydt, Gerald Thomas and Ayyanar, Raja},
  journal={IEEE Transactions on Power Systems},
  volume={27},
  number={4},
  pages={2251--2261},
  year={2012},
  publisher={IEEE}
}

@article{li2012,
  title={Modeling of plug-in hybrid electric vehicle charging demand in probabilistic power flow calculations},
  author={Li, Gan and Zhang, Xiao-Ping},
  journal={IEEE Transactions on Smart Grid},
  volume={3},
  number={1},
  pages={492--499},
  year={2012},
  publisher={IEEE}
}

@phdthesis{blanco2017,
  title={Efficient solvers for power flow equations: parametric solutions with accuracy control assessment},
  author={Blanco, Raquel García},
  year={2017},
  school={Universitat Politècnica de Catalunya (UPC)}
}
  
@article{garcia2017,
  title={Efficient solvers for power flow equations: parametric solutions with accuracy control assessment},
  author={García-Blanco, Raquel},
  year={2017},
  publisher={Universitat Politècnica de Catalunya}
}

@article{almeida1994,
  title={A general parametric optimal power flow},
  author={Almeida, KC de and Galiana, FD and Soares, S},
  journal={IEEE Transactions on Power Systems},
  volume={9},
  number={1},
  pages={540--547},
  year={1994},
  publisher={IEEE}
}

@article{berkooz1993,
  title={The proper orthogonal decomposition in the analysis of turbulent flows},
  author={Berkooz, Gal and Holmes, Philip and Lumley, John L},
  journal={Annual review of fluid mechanics},
  volume={25},
  number={1},
  pages={539--575},
  year={1993},
  publisher={Annual Reviews 4139 El Camino Way, PO Box 10139, Palo Alto, CA 94303-0139, USA}
}

@inproceedings{weiss2019,
  title={A tutorial on the proper orthogonal decomposition},
  author={Weiss, Julien},
  booktitle={AIAA Aviation 2019 Forum},
  pages={3333},
  year={2019}
}

@article{zhou2016,
  title={A novel method of polynomial approximation for parametric problems in power systems},
  author={Zhou, Yongzhi and Wu, Hao and Gu, Chenghong and Song, Yonghua},
  journal={IEEE Transactions on Power Systems},
  volume={32},
  number={4},
  pages={3298--3307},
  year={2016},
  publisher={IEEE}
}

@article{shin2016,
  title={Nonadaptive quasi-optimal points selection for least squares linear regression},
  author={Shin, Yeonjong and Xiu, Dongbin},
  journal={SIAM Journal on Scientific Computing},
  volume={38},
  number={1},
  pages={A385--A411},
  year={2016},
  publisher={SIAM}
}

@software{gridcal,
  author = {Santiago Peñate-Vera},
  title = {GridCal. 5-node grid creation script},
  url = {https://github.com/SanPen/GridCal},
  version = {4.1.0},
  date = {2021-08-22},
}

@article{boehme2007,
  title={Applying time series to power flow analysis in networks with high wind penetration},
  author={Boehme, Thomas and Wallace, A Robin and Harrison, Gareth P},
  journal={IEEE transactions on power systems},
  volume={22},
  number={3},
  pages={951--957},
  year={2007},
  publisher={IEEE}
}

@book{seifi2011,
  title={Electric power system planning: issues, algorithms and solutions},
  author={Seifi, Hossein and Sepasian, Mohammad Sadegh},
  year={2011},
  publisher={Springer Science \& Business Media}
}

@ARTICLE{song2021,
  author={Song, Jie and Cheah-Mane, Marc and Prieto-Araujo, Eduardo and Gomis-Bellmunt, Oriol},
  journal={IEEE Transactions on Smart Grid}, 
  title={Short-Circuit Analysis of AC Distribution Systems Dominated by Voltage Source Converters Considering Converter Limitations}, 
  year={2021},
  volume={},
  number={},
  pages={1-1},
  doi={10.1109/TSG.2021.3102011}
}

@inproceedings{martinez2012,
  title={Optimum placement of distributed generation in three-phase distribution systems with time varying load using a Monte Carlo approach},
  author={Martinez, Juan A and Guerra, Gerardo},
  booktitle={2012 IEEE Power and Energy Society General Meeting},
  pages={1--7},
  year={2012},
  organization={IEEE}
}

@article{espinoza2019,
  title={Field-test of wind turbine by voltage source converter},
  author={Espinoza, Nicol{\'a}s and Carlson, Ola},
  journal={Wind Energy Science},
  volume={4},
  number={3},
  pages={465--477},
  year={2019},
  publisher={Copernicus GmbH}
}

@techreport{UNE-EN-IEC-61400-21,
type = {Standard},
key = {UNE-EN IEC 61400-21},
month = jun,
year = {2021},
title = {{Sistemas de generación de energía eólica.}},
volume = {Parte 21-1: Medida y evaluación de las características eléctricas. Aerogeneradores},
address = {Madrid},
institution = {Asociación Española de Normalización}
}

@inproceedings{UNE6140021,
  title={{UNE-EN IEC 61400-21. Sistemas de generación de energía eólica. Parte 21-1: Medida y evaluación de las características eléctricas. Aerogeneradores}},
  author={{Asociación Española de Normalización}},
  year={2021},
}

@inproceedings{sourkounis2013,
  title={Grid code requirements for wind power integration in Europe},
  author={Sourkounis, Constantinos and Tourou, Pavlos},
  booktitle={Conference Papers in Science},
  volume={2013},
  year={2013},
  organization={Hindawi}
}

@article{santoro2021,
  title={The global forest above-ground biomass pool for 2010 estimated from high-resolution satellite observations},
  author={Santoro, Maurizio and Cartus, Oliver and Carvalhais, Nuno and Rozendaal, Dana{\"e} and Avitabile, Valerio and Araza, Arnan and De Bruin, Sytze and Herold, Martin and Quegan, Shaun and Rodr{\'\i}guez-Veiga, Pedro and others},
  journal={Earth System Science Data},
  volume={13},
  number={8},
  pages={3927--3950},
  year={2021},
  publisher={Copernicus GmbH}
}

@article{balat2005,
  title={Biomass energy in the world, use of biomass and potential trends},
  author={Balat, Mustafa and Ayar, G{\"u}nhan},
  journal={Energy sources},
  volume={27},
  number={10},
  pages={931--940},
  year={2005},
  publisher={Taylor \& Francis}
}

@book{boyle1996renewable,
  title={Renewable energy: power for a sustainable future},
  author={Boyle, Godfrey},
  volume={2},
  year={1996},
  publisher={Oxford University Press}
}

@article{stephenson2014life,
  title={Life cycle impacts of biomass electricity in 2020},
  author={Stephenson, Anna L and MacKay, DJ},
  journal={UK Department of Energy and Climate Change},
  year={2014}
}

@article{de2019carbon,
  title={Carbon footprints associated with electricity generation from biomass syngas and diesel.},
  author={de Melo, Filipi Maciel and Silvestre, Alysson and Carvalho, Monica},
  journal={Environmental Engineering \& Management Journal (EEMJ)},
  volume={18},
  number={7},
  year={2019}
}

@article{scarlat2019brief,
  title={Brief on biomass for energy in the European Union},
  author={Scarlat, N and Dallemand, JF and Taylor, N and Banja, M and Sanchez Lopez, J and Avraamides, M},
  journal={Publications Office of the European Union: Luxembourg},
  year={2019}
}

@article{strategy2018sustainable,
  title={A sustainable bioeconomy for Europe: strengthening the connection between economy, society and the environment},
  author={Strategy, Updated Bioeconomy},
  journal={European Commission.--2018.--URL: https://ec. europa. eu/research/bioeconomy/pdf/ec\_bioeconomy\_ strategy\_2018. pdf (дата обращения 25.02. 2020)},
  year={2018}
}

@article{rodriguez2020development,
  title={The development of trade of biomass in Spain: A raw material equivalent approach},
  author={Rodr{\'\i}guez, Mercedes and Camacho, Jos{\'e} A},
  journal={Biomass and Bioenergy},
  volume={133},
  pages={105450},
  year={2020},
  publisher={Elsevier}
}

@article{infante2015spanish,
  title={The Spanish transition to industrial metabolism: Long-term material flow analysis (1860--2010)},
  author={Infante-Amate, Juan and Soto, David and Aguilera, Eduardo and Garc{\'\i}a-Ruiz, Roberto and Guzm{\'a}n, Gloria and Cid, Antonio and Gonz{\'a}lez de Molina, Manuel},
  journal={Journal of Industrial Ecology},
  volume={19},
  number={5},
  pages={866--876},
  year={2015},
  publisher={Wiley Online Library}
}

@article{infante2018land,
  title={Land embodied in Spain’s biomass trade and consumption (1900--2008): Historical changes, drivers and impacts},
  author={Infante-Amate, Juan and Aguilera, Eduardo and Palmeri, Francesco and Guzm{\'a}n, Gloria and Soto, David and Garc{\'\i}a-Ruiz, Roberto and de Molina, Manuel Gonz{\'a}lez},
  journal={Land Use Policy},
  volume={78},
  pages={493--502},
  year={2018},
  publisher={Elsevier}
}

@misc{wiki_ripoll,
  author = {{Wikipedia}},
  title = {Mapa comarcal de Catalunya},
  howpublished = {\url{https://ca.wikipedia.org/wiki/Fitxer:Mapa_comarcal_de_Catalunya.svg}},
  note = {Accessed: 2010-10-03}
}

@misc{icgc,
  author = {{Institut Cartogràfic De Catalunya}},
  title = {Mapa de variables biofísiques de l'arbrat de Catalunya},
  howpublished = {\url{https://www.icgc.cat/Administracio-i-empresa/Descarregues/Capes-de-geoinformacio/Mapes-de-variables-biofisiques-de-l-arbrat-de-Catalunya}},
  note = {Accessed: 2021-10-03}
}

@misc{ripolles,
  author = {{Departament d'Agricultura, Ramaderia, Pesca, Alimentació i Medi Natural}},
  title = {2a fase del pla estratègic d'aprofitament de biomassa forestal per a ús energètic a la comarca del Ripollès, 2012},
}

@misc{ripoll2,
  author = {{Consell Comarcal del Ripollès}},
  title = {El Ripollès, pioner en el desplegament de la biomassa forestal com a font d'energia, segons el CTFC, 2014}
}

@misc{google_earth,
  author = {{Google Earth. CNES / Airbus}},
  title = {Imagery date: 3/11/20-newer},
  howpublished = {\url{https://earth.google.com/web/@42.19130297,2.19577934,675.14861702a,518.1781586d,35y,-0h,0t,0r}},
  note = {Accessed: 2021-10-04}
}

@misc{esios,
  author = {{Red Eléctrica de España}},
  title = {Sistema de Información del Operador del Sistema (ESIOS). Perfiles de demanda y generación.},
  howpublished = {\url{https://www.esios.ree.es/es?locale=en}},
  note = {Accessed: 2021-10-25}
}

@article{wang2013risk,
  title={Risk and “N-1” criteria coordination for real-time operations},
  author={Wang, Qin and McCalley, James D},
  journal={IEEE Transactions on Power Systems},
  volume={28},
  number={3},
  pages={3505--3506},
  year={2013},
  publisher={IEEE}
}

@article{gourtani2016robust,
  title={Robust unit commitment with n-1 security criteria},
  author={Gourtani, Arash and Xu, Huifu and Pozo, David and Nguyen, Tri-Dung},
  journal={Mathematical Methods of Operations Research},
  volume={83},
  number={3},
  pages={373--408},
  year={2016},
  publisher={Springer}
}

@article{stott2009dc,
  title={DC power flow revisited},
  author={Stott, Brian and Jardim, Jorge and Alsa{\c{c}}, Ongun},
  journal={IEEE Transactions on Power Systems},
  volume={24},
  number={3},
  pages={1290--1300},
  year={2009},
  publisher={IEEE}
}

@article{capitanescu2011state,
  title={State-of-the-art, challenges, and future trends in security constrained optimal power flow},
  author={Capitanescu, Florin and Ramos, JL Martinez and Panciatici, Patrick and Kirschen, Daniel and Marcolini, A Marano and Platbrood, Ludovic and Wehenkel, Louis},
  journal={Electric Power Systems Research},
  volume={81},
  number={8},
  pages={1731--1741},
  year={2011},
  publisher={Elsevier}
}

@ARTICLE{pandapower2018,
author={L. Thurner and A. Scheidler and F. Schafer and J. H. Menke and J. Dollichon and F. Meier and S. Meinecke and M. Braun},
journal={IEEE Transactions on Power Systems},
title={pandapower - an Open Source Python Tool for Convenient Modeling, Analysis and Optimization of Electric Power Systems},
year={2018},
doi={10.1109/TPWRS.2018.2829021},
url={https://arxiv.org/abs/1709.06743},
ISSN={0885-8950}
}

@misc{acer,
  author = {{Agency for the Cooperation of Energy Regulators (ACER)}},
  title = {UIC Report - Electricity Infraestructure. 2015.},
}

@misc{autosolar,
  author = {{Autosolar}},
  title = {Pallet Paneles 405W Deep Blue 3.0 JA Solar Mono},
  howpublished = {\url{https://autosolar.es/panel-solar-24-voltios/pallet-paneles-405w-deep-blue-30-ja-solar-mono}},
  note = {Accessed: 2021-12-01}
}

@misc{nasa,
  author = {{NASA Prediction of Worldwide Energy Resources}},
  title = {The POWER Project},
  howpublished = {\url{https://power.larc.nasa.gov/}},
  note = {Accessed: 2021-12-01}
}

@misc{pvgis,
  author = {{European Comission}},
  title = {Photovoltaic Geographical Information System (PVGIS)},
  howpublished = {\url{https://ec.europa.eu/jrc/en/pvgis}},
  note = {Accessed: 2021-12-01}
}


@misc{gamesa,
  author = {{Wind Turbine Models}},
  title = {Gamesa G132-5.0MW},
  howpublished = {\url{https://en.wind-turbine-models.com/turbines/768-gamesa-g132-5.0mw}},
  note = {Accessed: 2021-12-01}
}

